@inproceedings{afzal2009improving,
  title={Improving citation mining},
  author={Afzal, M.T. and Balke, W.T. and Maurer, H. and Kulathuramaiyer, N.},
  booktitle={Networked Digital Technologies, 2009. NDT'09. First International Conference on},
  pages={116--121},
  year={2009},
  organization={IEEE}
}

@book{gamma1995design,
    title={Design patterns: elements of reusable object-oriented software},
    author={Gamma, E.},
    year={1995},
    publisher={Addison-Wesley Professional}
}

@misc{anystyleparser,
    author = {Keil, Sylvester},
    title = {Anystyle-parser},
    howpublished = {\url{https://github.com/inukshuk/anystyle-parser}},
    note = {Consulté le 17 novembre 2011}
}

@misc{oreillyarchitecture,
    author = {O'Reilly, Tim},
    title = {The Architecture of Participation},
    howpublished = {\url{http://oreilly.com/pub/a/oreilly/tim/articles/architecture_of_participation.html}},
    note = {Consulté le 15 décembre 2011}
}

@misc{beautifulsoup,
    author = {Richardson, Leonard},
    title = {Beautiful Soup},
    howpublished ={\url{www.crummy.com/software/beautifulsoup}},
    note = {Consulté le 20 novembre 2011}
}
@misc{sinatrarb,
    author = {Mizerany, Blake},
    title = {The Sinatra web server},
    note = "Consulté le 2 décembre 2011",
    howpublished = {\url{http://github.com/sinatra/sinatra}},
}

@misc{rubylang,
    author = {Matsumoto, Yukihiro},
    title = {The Ruby Programming Language},
    howpublished = {\url{http://ruby-lang.org}},
    note = "Consulté le 2 décembre 2011"
}

@misc{jinja2,
    author = {Brandl, Georg et Ronacher, Armin},
    title = {The Jinja2 Template Engine},
    howpublished ={\url{http://jinja2.pocoo.org}},
    note = {Consulté le 23 octobre 2011}
}

@misc{makotemplates,
    author = {Bayer, Michael},
    title = {Mako Templates},
    howpublished ={\url{http://makotemplates.org}},
    note = {Consulté le 23 octobre 2011}
}

@misc{pythonorg,
    author = {Van Rossum, Guido},
    title = {The Python Programming Language},
    howpublished = {\url{http://python.org}},
    note = "Consulté le 20 septembre 2011"
}

@misc{pybtex,
    author = {Golovizin, Andrey},
    title = {Pybtex},
    howpublished = {\url{http://pybtex.sourceforge.net/}},
    note = "Consulté le 16 décembre 2011"
}

@inproceedings{breuel2008ocropus,
  title={The OCRopus open source OCR system},
  author={Breuel, T.M.},
  booktitle={Proceedings IS\&T/SPIE 20th Annual Symposium},
  volume={2008},
  year={2008},
  organization={Citeseer}
}
@inproceedings{smith2007overview,
  title={An overview of the Tesseract OCR engine},
  author={Smith, R.},
  booktitle={Document Analysis and Recognition, 2007. ICDAR 2007. Ninth International Conference on},
  volume={2},
  pages={629--633},
  year={2007},
  organization={Ieee}
}

